% C 
@ARTICLE{Calzetti2000,
   author = {{Calzetti}, D. and {Armus}, L. and {Bohlin}, R.~C. and {Kinney}, A.~L. and 
	{Koornneef}, J. and {Storchi-Bergmann}, T.},
    title = "{The Dust Content and Opacity of Actively Star-forming Galaxies}",
  journal = {\apj},
   eprint = {astro-ph/9911459},
 keywords = {GALAXIES: STARBURST, INFRARED: GALAXIES, INFRARED: ISM: CONTINUUM, ISM: DUST, EXTINCTION},
     year = 2000,
    month = apr,
   volume = 533,
    pages = {682-695},
      doi = {10.1086/308692},
   adsurl = {http://adsabs.harvard.edu/abs/2000ApJ...533..682C},
  adsnote = {Provided by the SAO/NASA Astrophysics Data System}
}

@ARTICLE{Casertano2000,
   author = {{Casertano}, S. and {de Mello}, D. and {Dickinson}, M. and {Ferguson}, H.~C. and 
	{Fruchter}, A.~S. and {Gonzalez-Lopezlira}, R.~A. and {Heyer}, I. and 
	{Hook}, R.~N. and {Levay}, Z. and {Lucas}, R.~A. and {Mack}, J. and 
	{Makidon}, R.~B. and {Mutchler}, M. and {Smith}, T.~E. and {Stiavelli}, M. and 
	{Wiggs}, M.~S. and {Williams}, R.~E.},
    title = "{WFPC2 Observations of the Hubble Deep Field South}",
  journal = {\aj},
   eprint = {astro-ph/0010245},
 keywords = {Cosmology: Observations, Galaxies: Evolution, Galaxies: Statistics},
     year = 2000,
    month = dec,
   volume = 120,
    pages = {2747-2824},
      doi = {10.1086/316851},
   adsurl = {http://adsabs.harvard.edu/abs/2000AJ....120.2747C},
  adsnote = {Provided by the SAO/NASA Astrophysics Data System}
}

% E 
@ARTICLE{Estrada2019,
   author = {{Estrada-Carpenter}, V. and {Papovich}, C. and {Momcheva}, I. and 
	{Brammer}, G. and {Long}, J. and {Quadri}, R.~F. and {Bridge}, J. and 
	{Dickinson}, M. and {Ferguson}, H. and {Finkelstein}, S. and 
	{Giavalisco}, M. and {Gosmeyer}, C.~M. and {Lotz}, J. and {Salmon}, B. and 
	{Skelton}, R.~E. and {Trump}, J.~R. and {Weiner}, B.},
    title = "{CLEAR. I. Ages and Metallicities of Quiescent Galaxies at 1.0{\nbsp}$\lt${\nbsp}z{\nbsp}$\lt${\nbsp}1.8 Derived from Deep Hubble Space Telescope Grism Data}",
  journal = {\apj},
archivePrefix = "arXiv",
   eprint = {1810.02824},
 keywords = {galaxies: evolution },
     year = 2019,
    month = jan,
   volume = 870,
      eid = {133},
    pages = {133},
      doi = {10.3847/1538-4357/aaf22e},
   adsurl = {http://adsabs.harvard.edu/abs/2019ApJ...870..133E},
  adsnote = {Provided by the SAO/NASA Astrophysics Data System}
}

% F

@ARTICLE{Ferreras19a,
       author = {{Ferreras}, Ignacio and {Pasquali}, Anna and {Pirzkal}, Nor and
         {Pharo}, John and {Malhotra}, Sangeeta and {Rhoads}, James and
         {Hathi}, Nimish and {Windhorst}, Rogier and {Cimatti}, Andrea and
         {Christensen}, Lise and {Finkelstein}, Steven L. and {Grogin}, Norman and
         {Joshi}, Bhavin and {Kim}, Keunho and {Koekemoer}, Anton and
         {O'Connell}, Robert and {{\"O}stlin}, G{\"o}ran and {Rothberg}, Barry and
         {Ryan}, Russell},
        title = "{FIGS: spectral fitting constraints on the star formation history of massive galaxies since the cosmic noon}",
      journal = {\mnras},
     keywords = {galaxies: evolution, galaxies: formation, galaxies: high-redshift, galaxies: stellar content, Astrophysics - Astrophysics of Galaxies},
         year = "2019",
        month = "Jun",
       volume = {486},
       number = {1},
        pages = {1358-1376},
          doi = {10.1093/mnras/stz849},
archivePrefix = {arXiv},
       eprint = {1805.03665},
 primaryClass = {astro-ph.GA},
       adsurl = {https://ui.adsabs.harvard.edu/abs/2019MNRAS.486.1358F},
      adsnote = {Provided by the SAO/NASA Astrophysics Data System}
}

@ARTICLE{Fitzpatrick1999,
   author = {{Fitzpatrick}, E.~L.},
    title = "{Correcting for the Effects of Interstellar Extinction}",
  journal = {\pasp},
   eprint = {astro-ph/9809387},
 keywords = {ISM: DUST, EXTINCTION},
     year = 1999,
    month = jan,
   volume = 111,
    pages = {63-75},
      doi = {10.1086/316293},
   adsurl = {http://cdsads.u-strasbg.fr/abs/1999PASP..111...63F},
  adsnote = {Provided by the SAO/NASA Astrophysics Data System}
}

@ARTICLE{emcee,
       author = {{Foreman-Mackey}, Daniel and {Hogg}, David W. and {Lang}, Dustin and
         {Goodman}, Jonathan},
        title = "{emcee: The MCMC Hammer}",
      journal = {\pasp},
     keywords = {Astrophysics - Instrumentation and Methods for Astrophysics, Physics - Computational Physics, Statistics - Computation},
         year = "2013",
        month = "Mar",
       volume = {125},
       number = {925},
        pages = {306},
          doi = {10.1086/670067},
archivePrefix = {arXiv},
       eprint = {1202.3665},
 primaryClass = {astro-ph.IM},
       adsurl = {https://ui.adsabs.harvard.edu/abs/2013PASP..125..306F},
      adsnote = {Provided by the SAO/NASA Astrophysics Data System}
}

% G
@ARTICLE{GAIADR2,
       author = {{Gaia Collaboration} and {Brown}, A.~G.~A. and {Vallenari}, A. and
         {Prusti}, T. and {de Bruijne}, J.~H.~J. and {Babusiaux}, C. and
         {Bailer-Jones}, C.~A.~L. and {Biermann}, M. and {Evans}, D.~W. and
         {Eyer}, L. and {Jansen}, F. and {Jordi}, C. and {Klioner}, S.~A. and
         {Lammers}, U. and {Lindegren}, L. and {Luri}, X. and {Mignard}, F. and
         {Panem}, C. and {Pourbaix}, D. and {Randich}, S. and {Sartoretti}, P. and
         {Siddiqui}, H.~I. and {Soubiran}, C. and {van Leeuwen}, F. and
         {Walton}, N.~A. and {Arenou}, F. and {Bastian}, U. and {Cropper}, M. and
         {Drimmel}, R. and {Katz}, D. and {Lattanzi}, M.~G. and {Bakker}, J. and
         {Cacciari}, C. and {Casta{\~n}eda}, J. and {Chaoul}, L. and
         {Cheek}, N. and {De Angeli}, F. and {Fabricius}, C. and {Guerra}, R. and
         {Holl}, B. and {Masana}, E. and {Messineo}, R. and {Mowlavi}, N. and
         {Nienartowicz}, K. and {Panuzzo}, P. and {Portell}, J. and
         {Riello}, M. and {Seabroke}, G.~M. and {Tanga}, P. and
         {Th{\'e}venin}, F. and {Gracia-Abril}, G. and {Comoretto}, G. and
         {Garcia-Reinaldos}, M. and {Teyssier}, D. and {Altmann}, M. and
         {Andrae}, R. and {Audard}, M. and {Bellas-Velidis}, I. and
         {Benson}, K. and {Berthier}, J. and {Blomme}, R. and {Burgess}, P. and
         {Busso}, G. and {Carry}, B. and {Cellino}, A. and {Clementini}, G. and
         {Clotet}, M. and {Creevey}, O. and {Davidson}, M. and {De Ridder}, J. and
         {Delchambre}, L. and {Dell'Oro}, A. and {Ducourant}, C. and
         {Fern{\'a}ndez-Hern{\'a}ndez}, J. and {Fouesneau}, M. and
         {Fr{\'e}mat}, Y. and {Galluccio}, L. and {Garc{\'\i}a-Torres}, M. and
         {Gonz{\'a}lez-N{\'u}{\~n}ez}, J. and {Gonz{\'a}lez-Vidal}, J.~J. and
         {Gosset}, E. and {Guy}, L.~P. and {Halbwachs}, J. -L. and
         {Hambly}, N.~C. and {Harrison}, D.~L. and {Hern{\'a}ndez}, J. and
         {Hestroffer}, D. and {Hodgkin}, S.~T. and {Hutton}, A. and
         {Jasniewicz}, G. and {Jean-Antoine-Piccolo}, A. and {Jordan}, S. and
         {Korn}, A.~J. and {Krone-Martins}, A. and {Lanzafame}, A.~C. and
         {Lebzelter}, T. and {L{\"o}ffler}, W. and {Manteiga}, M. and
         {Marrese}, P.~M. and {Mart{\'\i}n-Fleitas}, J.~M. and {Moitinho}, A. and
         {Mora}, A. and {Muinonen}, K. and {Osinde}, J. and {Pancino}, E. and
         {Pauwels}, T. and {Petit}, J. -M. and {Recio-Blanco}, A. and
         {Richards}, P.~J. and {Rimoldini}, L. and {Robin}, A.~C. and
         {Sarro}, L.~M. and {Siopis}, C. and {Smith}, M. and {Sozzetti}, A. and
         {S{\"u}veges}, M. and {Torra}, J. and {van Reeven}, W. and {Abbas}, U. and
         {Abreu Aramburu}, A. and {Accart}, S. and {Aerts}, C. and
         {Altavilla}, G. and {{\'A}lvarez}, M.~A. and {Alvarez}, R. and
         {Alves}, J. and {Anderson}, R.~I. and {Andrei}, A.~H. and
         {Anglada Varela}, E. and {Antiche}, E. and {Antoja}, T. and
         {Arcay}, B. and {Astraatmadja}, T.~L. and {Bach}, N. and
         {Baker}, S.~G. and {Balaguer-N{\'u}{\~n}ez}, L. and {Balm}, P. and
         {Barache}, C. and {Barata}, C. and {Barbato}, D. and {Barblan}, F. and
         {Barklem}, P.~S. and {Barrado}, D. and {Barros}, M. and
         {Barstow}, M.~A. and {Bartholom{\'e} Mu{\~n}oz}, S. and
         {Bassilana}, J. -L. and {Becciani}, U. and {Bellazzini}, M. and
         {Berihuete}, A. and {Bertone}, S. and {Bianchi}, L. and
         {Bienaym{\'e}}, O. and {Blanco-Cuaresma}, S. and {Boch}, T. and
         {Boeche}, C. and {Bombrun}, A. and {Borrachero}, R. and {Bossini}, D. and
         {Bouquillon}, S. and {Bourda}, G. and {Bragaglia}, A. and
         {Bramante}, L. and {Breddels}, M.~A. and {Bressan}, A. and
         {Brouillet}, N. and {Br{\"u}semeister}, T. and {Brugaletta}, E. and
         {Bucciarelli}, B. and {Burlacu}, A. and {Busonero}, D. and
         {Butkevich}, A.~G. and {Buzzi}, R. and {Caffau}, E. and
         {Cancelliere}, R. and {Cannizzaro}, G. and {Cantat-Gaudin}, T. and
         {Carballo}, R. and {Carlucci}, T. and {Carrasco}, J.~M. and
         {Casamiquela}, L. and {Castellani}, M. and {Castro-Ginard}, A. and
         {Charlot}, P. and {Chemin}, L. and {Chiavassa}, A. and {Cocozza}, G. and
         {Costigan}, G. and {Cowell}, S. and {Crifo}, F. and {Crosta}, M. and
         {Crowley}, C. and {Cuypers}, J. and {Dafonte}, C. and {Damerdji}, Y. and
         {Dapergolas}, A. and {David}, P. and {David}, M. and {de Laverny}, P. and
         {De Luise}, F. and {De March}, R. and {de Martino}, D. and
         {de Souza}, R. and {de Torres}, A. and {Debosscher}, J. and
         {del Pozo}, E. and {Delbo}, M. and {Delgado}, A. and {Delgado}, H.~E. and
         {Di Matteo}, P. and {Diakite}, S. and {Diener}, C. and {Distefano}, E. and
         {Dolding}, C. and {Drazinos}, P. and {Dur{\'a}n}, J. and
         {Edvardsson}, B. and {Enke}, H. and {Eriksson}, K. and {Esquej}, P. and
         {Eynard Bontemps}, G. and {Fabre}, C. and {Fabrizio}, M. and
         {Faigler}, S. and {Falc{\~a}o}, A.~J. and {Farr{\`a}s Casas}, M. and
         {Federici}, L. and {Fedorets}, G. and {Fernique}, P. and
         {Figueras}, F. and {Filippi}, F. and {Findeisen}, K. and {Fonti}, A. and
         {Fraile}, E. and {Fraser}, M. and {Fr{\'e}zouls}, B. and {Gai}, M. and
         {Galleti}, S. and {Garabato}, D. and {Garc{\'\i}a-Sedano}, F. and
         {Garofalo}, A. and {Garralda}, N. and {Gavel}, A. and {Gavras}, P. and
         {Gerssen}, J. and {Geyer}, R. and {Giacobbe}, P. and {Gilmore}, G. and
         {Girona}, S. and {Giuffrida}, G. and {Glass}, F. and {Gomes}, M. and
         {Granvik}, M. and {Gueguen}, A. and {Guerrier}, A. and {Guiraud}, J. and
         {Guti{\'e}rrez-S{\'a}nchez}, R. and {Haigron}, R. and
         {Hatzidimitriou}, D. and {Hauser}, M. and {Haywood}, M. and
         {Heiter}, U. and {Helmi}, A. and {Heu}, J. and {Hilger}, T. and
         {Hobbs}, D. and {Hofmann}, W. and {Holland}, G. and {Huckle}, H.~E. and
         {Hypki}, A. and {Icardi}, V. and {Jan{\ss}en}, K. and
         {Jevardat de Fombelle}, G. and {Jonker}, P.~G. and
         {Juh{\'a}sz}, {\'A}. L. and {Julbe}, F. and {Karampelas}, A. and
         {Kewley}, A. and {Klar}, J. and {Kochoska}, A. and {Kohley}, R. and
         {Kolenberg}, K. and {Kontizas}, M. and {Kontizas}, E. and
         {Koposov}, S.~E. and {Kordopatis}, G. and {Kostrzewa-Rutkowska}, Z. and
         {Koubsky}, P. and {Lambert}, S. and {Lanza}, A.~F. and {Lasne}, Y. and
         {Lavigne}, J. -B. and {Le Fustec}, Y. and {Le Poncin-Lafitte}, C. and
         {Lebreton}, Y. and {Leccia}, S. and {Leclerc}, N. and
         {Lecoeur-Taibi}, I. and {Lenhardt}, H. and {Leroux}, F. and {Liao}, S. and
         {Licata}, E. and {Lindstr{\o}m}, H.~E.~P. and {Lister}, T.~A. and
         {Livanou}, E. and {Lobel}, A. and {L{\'o}pez}, M. and {Managau}, S. and
         {Mann}, R.~G. and {Mantelet}, G. and {Marchal}, O. and
         {Marchant}, J.~M. and {Marconi}, M. and {Marinoni}, S. and
         {Marschalk{\'o}}, G. and {Marshall}, D.~J. and {Martino}, M. and
         {Marton}, G. and {Mary}, N. and {Massari}, D. and
         {Matijevi{\v{c}}}, G. and {Mazeh}, T. and {McMillan}, P.~J. and
         {Messina}, S. and {Michalik}, D. and {Millar}, N.~R. and {Molina}, D. and
         {Molinaro}, R. and {Moln{\'a}r}, L. and {Montegriffo}, P. and
         {Mor}, R. and {Morbidelli}, R. and {Morel}, T. and {Morris}, D. and
         {Mulone}, A.~F. and {Muraveva}, T. and {Musella}, I. and
         {Nelemans}, G. and {Nicastro}, L. and {Noval}, L. and {O'Mullane}, W. and
         {Ord{\'e}novic}, C. and {Ord{\'o}{\~n}ez-Blanco}, D. and {Osborne}, P. and
         {Pagani}, C. and {Pagano}, I. and {Pailler}, F. and {Palacin}, H. and
         {Palaversa}, L. and {Panahi}, A. and {Pawlak}, M. and
         {Piersimoni}, A.~M. and {Pineau}, F. -X. and {Plachy}, E. and
         {Plum}, G. and {Poggio}, E. and {Poujoulet}, E. and {Pr{\v{s}}a}, A. and
         {Pulone}, L. and {Racero}, E. and {Ragaini}, S. and {Rambaux}, N. and
         {Ramos-Lerate}, M. and {Regibo}, S. and {Reyl{\'e}}, C. and
         {Riclet}, F. and {Ripepi}, V. and {Riva}, A. and {Rivard}, A. and
         {Rixon}, G. and {Roegiers}, T. and {Roelens}, M. and
         {Romero-G{\'o}mez}, M. and {Rowell}, N. and {Royer}, F. and
         {Ruiz-Dern}, L. and {Sadowski}, G. and {Sagrist{\`a} Sell{\'e}s}, T. and
         {Sahlmann}, J. and {Salgado}, J. and {Salguero}, E. and {Sanna}, N. and
         {Santana-Ros}, T. and {Sarasso}, M. and {Savietto}, H. and
         {Schultheis}, M. and {Sciacca}, E. and {Segol}, M. and
         {Segovia}, J.~C. and {S{\'e}gransan}, D. and {Shih}, I. -C. and
         {Siltala}, L. and {Silva}, A.~F. and {Smart}, R.~L. and {Smith}, K.~W. and
         {Solano}, E. and {Solitro}, F. and {Sordo}, R. and {Soria Nieto}, S. and
         {Souchay}, J. and {Spagna}, A. and {Spoto}, F. and {Stampa}, U. and
         {Steele}, I.~A. and {Steidelm{\"u}ller}, H. and {Stephenson}, C.~A. and
         {Stoev}, H. and {Suess}, F.~F. and {Surdej}, J. and {Szabados}, L. and
         {Szegedi-Elek}, E. and {Tapiador}, D. and {Taris}, F. and {Tauran}, G. and
         {Taylor}, M.~B. and {Teixeira}, R. and {Terrett}, D. and {Teyssand
        ier}, P. and {Thuillot}, W. and {Titarenko}, A. and {Torra Clotet}, F. and
         {Turon}, C. and {Ulla}, A. and {Utrilla}, E. and {Uzzi}, S. and
         {Vaillant}, M. and {Valentini}, G. and {Valette}, V. and
         {van Elteren}, A. and {Van Hemelryck}, E. and {van Leeuwen}, M. and
         {Vaschetto}, M. and {Vecchiato}, A. and {Veljanoski}, J. and
         {Viala}, Y. and {Vicente}, D. and {Vogt}, S. and {von Essen}, C. and
         {Voss}, H. and {Votruba}, V. and {Voutsinas}, S. and {Walmsley}, G. and
         {Weiler}, M. and {Wertz}, O. and {Wevers}, T. and {Wyrzykowski}, {\L}. and
         {Yoldas}, A. and {{\v{Z}}erjal}, M. and {Ziaeepour}, H. and
         {Zorec}, J. and {Zschocke}, S. and {Zucker}, S. and {Zurbach}, C. and
         {Zwitter}, T.},
        title = "{Gaia Data Release 2. Summary of the contents and survey properties}",
      journal = {\aap},
     keywords = {catalogs, astrometry, techniques: radial velocities, stars: fundamental parameters, stars: variables: general, minor planets, asteroids: general, Astrophysics - Astrophysics of Galaxies, Astrophysics - Instrumentation and Methods for Astrophysics},
         year = "2018",
        month = "Aug",
       volume = {616},
          eid = {A1},
        pages = {A1},
          doi = {10.1051/0004-6361/201833051},
archivePrefix = {arXiv},
       eprint = {1804.09365},
 primaryClass = {astro-ph.GA},
       adsurl = {https://ui.adsabs.harvard.edu/abs/2018A&A...616A...1G},
      adsnote = {Provided by the SAO/NASA Astrophysics Data System}
}

% L
@ARTICLE{Leja2017,
   author = {{Leja}, J. and {Johnson}, B.~D. and {Conroy}, C. and {van Dokkum}, P.~G. and 
	{Byler}, N.},
    title = "{Deriving Physical Properties from Broadband Photometry with Prospector: Description of the Model and a Demonstration of its Accuracy Using 129 Galaxies in the Local Universe}",
  journal = {\apj},
archivePrefix = "arXiv",
   eprint = {1609.09073},
 keywords = {galaxies: evolution, galaxies: fundamental parameters, galaxies: star formation},
     year = 2017,
    month = mar,
   volume = 837,
      eid = {170},
    pages = {170},
      doi = {10.3847/1538-4357/aa5ffe},
   adsurl = {http://adsabs.harvard.edu/abs/2017ApJ...837..170L},
  adsnote = {Provided by the SAO/NASA Astrophysics Data System}
}

@ARTICLE{Leja2019,
   author = {{Leja}, J. and {Carnall}, A.~C. and {Johnson}, B.~D. and {Conroy}, C. and 
	{Speagle}, J.~S.},
    title = "{How to measure galaxy star formation histories II: Nonparametric models}",
  journal = {arXiv e-prints},
archivePrefix = "arXiv",
   eprint = {1811.03637},
 keywords = {Astrophysics - Astrophysics of Galaxies},
     year = 2018,
    month = nov,
   adsurl = {http://adsabs.harvard.edu/abs/2018arXiv181103637L},
  adsnote = {Provided by the SAO/NASA Astrophysics Data System}
}

% M
@ARTICLE{Momcheva16,
       author = {{Momcheva}, Ivelina G. and {Brammer}, Gabriel B. and
         {van Dokkum}, Pieter G. and {Skelton}, Rosalind E. and
         {Whitaker}, Katherine E. and {Nelson}, Erica J. and
         {Fumagalli}, Mattia and {Maseda}, Michael V. and {Leja}, Joel and
         {Franx}, Marijn and {Rix}, Hans-Walter and {Bezanson}, Rachel and
         {Da Cunha}, Elisabete and {Dickey}, Claire and
         {F{\"o}rster Schreiber}, Natascha M. and {Illingworth}, Garth and
         {Kriek}, Mariska and {Labb{\'e}}, Ivo and {Ulf Lange}, Johannes and
         {Lundgren}, Britt F. and {Magee}, Daniel and {Marchesini}, Danilo and
         {Oesch}, Pascal and {Pacifici}, Camilla and {Patel}, Shannon G. and
         {Price}, Sedona and {Tal}, Tomer and {Wake}, David A. and
         {van der Wel}, Arjen and {Wuyts}, Stijn},
        title = "{The 3D-HST Survey: Hubble Space Telescope WFC3/G141 Grism Spectra, Redshifts, and Emission Line Measurements for \raisebox{-0.5ex}\textasciitilde 100,000 Galaxies}",
      journal = {\apjs},
     keywords = {catalogs, galaxies: evolution, methods: data analysis, techniques: spectroscopic, Astrophysics - Astrophysics of Galaxies, Astrophysics - Cosmology and Nongalactic Astrophysics},
         year = "2016",
        month = "Aug",
       volume = {225},
       number = {2},
          eid = {27},
        pages = {27},
          doi = {10.3847/0067-0049/225/2/27},
archivePrefix = {arXiv},
       eprint = {1510.02106},
 primaryClass = {astro-ph.GA},
       adsurl = {https://ui.adsabs.harvard.edu/abs/2016ApJS..225...27M},
      adsnote = {Provided by the SAO/NASA Astrophysics Data System}
}

@ARTICLE{Muzzin2013a,
   author = {{Muzzin}, A. and {Marchesini}, D. and {Stefanon}, M. and {Franx}, M. and 
	{Milvang-Jensen}, B. and {Dunlop}, J.~S. and {Fynbo}, J.~P.~U. and 
	{Brammer}, G. and {Labb{\'e}}, I. and {van Dokkum}, P.},
    title = "{A Public K$_{s}$ -selected Catalog in the COSMOS/ULTRAVISTA Field: Photometry, Photometric Redshifts, and Stellar Population Parameters}",
  journal = {\apjs},
archivePrefix = "arXiv",
   eprint = {1303.4410},
 keywords = {galaxies: evolution, galaxies: fundamental parameters, galaxies: high-redshift, infrared: galaxies},
     year = 2013,
    month = may,
   volume = 206,
      eid = {8},
    pages = {8},
      doi = {10.1088/0067-0049/206/1/8},
   adsurl = {http://adsabs.harvard.edu/abs/2013ApJS..206....8M},
  adsnote = {Provided by the SAO/NASA Astrophysics Data System}
}

@ARTICLE{Muzzin2013b,
   author = {{Muzzin}, A. and {Marchesini}, D. and {Stefanon}, M. and {Franx}, M. and 
	{McCracken}, H.~J. and {Milvang-Jensen}, B. and {Dunlop}, J.~S. and 
	{Fynbo}, J.~P.~U. and {Brammer}, G. and {Labb{\'e}}, I. and 
	{van Dokkum}, P.~G.},
    title = "{The Evolution of the Stellar Mass Functions of Star-forming and Quiescent Galaxies to z = 4 from the COSMOS/UltraVISTA Survey}",
  journal = {\apj},
archivePrefix = "arXiv",
   eprint = {1303.4409},
 keywords = {galaxies: evolution, galaxies: fundamental parameters, galaxies: high-redshift, galaxies: luminosity function, mass function},
     year = 2013,
    month = nov,
   volume = 777,
      eid = {18},
    pages = {18},
      doi = {10.1088/0004-637X/777/1/18},
   adsurl = {http://adsabs.harvard.edu/abs/2013ApJ...777...18M},
  adsnote = {Provided by the SAO/NASA Astrophysics Data System}
}

% N

% O 

% P
@ARTICLE{PostmanCLASH2012,
   author = {{Postman}, M. and {Coe}, D. and {Ben{\'{\i}}tez}, N. and {Bradley}, L. and 
	{Broadhurst}, T. and {Donahue}, M. and {Ford}, H. and {Graur}, O. and 
	{Graves}, G. and {Jouvel}, S. and {Koekemoer}, A. and {Lemze}, D. and 
	{Medezinski}, E. and {Molino}, A. and {Moustakas}, L. and {Ogaz}, S. and 
	{Riess}, A. and {Rodney}, S. and {Rosati}, P. and {Umetsu}, K. and 
	{Zheng}, W. and {Zitrin}, A. and {Bartelmann}, M. and {Bouwens}, R. and 
	{Czakon}, N. and {Golwala}, S. and {Host}, O. and {Infante}, L. and 
	{Jha}, S. and {Jimenez-Teja}, Y. and {Kelson}, D. and {Lahav}, O. and 
	{Lazkoz}, R. and {Maoz}, D. and {McCully}, C. and {Melchior}, P. and 
	{Meneghetti}, M. and {Merten}, J. and {Moustakas}, J. and {Nonino}, M. and 
	{Patel}, B. and {Reg{\"o}s}, E. and {Sayers}, J. and {Seitz}, S. and 
	{Van der Wel}, A.},
    title = "{The Cluster Lensing and Supernova Survey with Hubble: An Overview}",
  journal = {\apjs},
archivePrefix = "arXiv",
   eprint = {1106.3328},
 keywords = {dark energy, dark matter, Galaxy: evolution, Galaxy: formation, gravitational lensing: strong, gravitational lensing: weak},
     year = 2012,
    month = apr,
   volume = 199,
      eid = {25},
    pages = {25},
      doi = {10.1088/0067-0049/199/2/25},
   adsurl = {http://esoads.eso.org/abs/2012ApJS..199...25P},
  adsnote = {Provided by the SAO/NASA Astrophysics Data System}
}

% Q 

% R 

% S
@ARTICLE{Schlafly2011,
   author = {{Schlafly}, E.~F. and {Finkbeiner}, D.~P.},
    title = "{Measuring Reddening with Sloan Digital Sky Survey Stellar Spectra and Recalibrating SFD}",
  journal = {\apj},
archivePrefix = "arXiv",
   eprint = {1012.4804},
 primaryClass = "astro-ph.GA",
 keywords = {dust, extinction, Galaxy: stellar content, ISM: clouds},
     year = 2011,
    month = aug,
   volume = 737,
      eid = {103},
    pages = {103},
      doi = {10.1088/0004-637X/737/2/103},
   adsurl = {http://adsabs.harvard.edu/abs/2011ApJ...737..103S},
  adsnote = {Provided by the SAO/NASA Astrophysics Data System}
}

@ARTICLE{Schmidt2014,
   author = {{Schmidt}, K.~B. and {Treu}, T. and {Brammer}, G.~B. and {Brada{\v c}}, M. and 
	{Wang}, X. and {Dijkstra}, M. and {Dressler}, A. and {Fontana}, A. and 
	{Gavazzi}, R. and {Henry}, A.~L. and {Hoag}, A. and {Jones}, T.~A. and 
	{Kelly}, P.~L. and {Malkan}, M.~A. and {Mason}, C. and {Pentericci}, L. and 
	{Poggianti}, B. and {Stiavelli}, M. and {Trenti}, M. and {von der Linden}, A. and 
	{Vulcani}, B.},
    title = "{Through the Looking GLASS: HST Spectroscopy of Faint Galaxies Lensed by the Frontier Fields Cluster MACSJ0717.5+3745}",
  journal = {\apjl},
archivePrefix = "arXiv",
   eprint = {1401.0532},
 keywords = {galaxies: clusters: individual: MACSJ0717.5+3745, galaxies: evolution, galaxies: high-redshift},
     year = 2014,
    month = feb,
   volume = 782,
      eid = {L36},
    pages = {L36},
      doi = {10.1088/2041-8205/782/2/L36},
   adsurl = {http://adsabs.harvard.edu/abs/2014ApJ...782L..36S},
  adsnote = {Provided by the SAO/NASA Astrophysics Data System}
}

% T
@ARTICLE{Treu2015,
   author = {{Treu}, T. and {Schmidt}, K.~B. and {Brammer}, G.~B. and {Vulcani}, B. and 
	{Wang}, X. and {Brada{\v c}}, M. and {Dijkstra}, M. and {Dressler}, A. and 
	{Fontana}, A. and {Gavazzi}, R. and {Henry}, A.~L. and {Hoag}, A. and 
	{Huang}, K.-H. and {Jones}, T.~A. and {Kelly}, P.~L. and {Malkan}, M.~A. and 
	{Mason}, C. and {Pentericci}, L. and {Poggianti}, B. and {Stiavelli}, M. and 
	{Trenti}, M. and {von der Linden}, A.},
    title = "{The Grism Lens-Amplified Survey from Space (GLASS). I. Survey Overview and First Data Release}",
  journal = {\apj},
archivePrefix = "arXiv",
   eprint = {1509.00475},
 keywords = {gravitational lensing: strong},
     year = 2015,
    month = oct,
   volume = 812,
      eid = {114},
    pages = {114},
      doi = {10.1088/0004-637X/812/2/114},
   adsurl = {http://adsabs.harvard.edu/abs/2015ApJ...812..114T},
  adsnote = {Provided by the SAO/NASA Astrophysics Data System}
}